%% Bibliography file for Robopoly Linux guide

@book{roark2002,
  Author = {Raymond J. Roark and Warrren C. Young},
  Title = {Formulas for Stress and Strain},
  Publisher = {McGraw-Hill Book Company},
  Year = {2002},
  Edition = {7}
}


% Thesis


@PHDTHESIS{wiesendanger2001,
  author = {Markus Wiesendanger},
  title = {Squeeze Film Air Bearing Using Piezoelectric Bending Elements},
  school = {EPFL},
  year = {2001}
}


@ARTICLE{stolarski,
	author = {T. Stolarski and W. Chai},
	title = {Self-levitating sliding air contact},
	journal = {International Journal of Mechanical Sciences},
	year = {2006},
	pages = {601-620},
	volume = {48},
	issue = {6}
}


% Web sites

